
@article{velickovic-2018,
  author  = {Veličković, Petar and Cucurull, Guillem and Casanova, Arantxa and Romero, Adriana and Lió, Píetro and Bengio, Yoshua},
  journal = {arXiv (Cornell University)},
  month   = {2},
  title   = {{Graph attention networks}},
  year    = {2018},
  doi     = {10.17863/cam.48429},
  url     = {https://arxiv.org/pdf/1710.10903.pdf}
}
@article{brody-2021,
  author  = {Brody, Shaked and Alon, Uri and Yahav, Eran},
  journal = {arXiv (Cornell University)},
  month   = {5},
  title   = {{How Attentive are Graph Attention Networks?}},
  year    = {2021},
  doi     = {10.48550/arxiv.2105.14491},
  url     = {https://arxiv.org/abs/2105.14491}
}
@misc{li-2020,
  author = {Li, Guohao and Xiong, Chenxin and Thabet, Ali and Ghanem, Bernard},
  month  = {6},
  title  = {{DeeperGCN: All you need to train Deeper GCNs}},
  year   = {2020},
  url    = {https://arxiv.org/abs/2006.07739}
}
@inproceedings{rozemberczki-2021,
  author = {Rozemberczki, Benedek and Englert, Peter and Kapoor, Amol and Blais, Martin and Perozzi, Bryan and Google Research},
  pages  = {12},
  title  = {{Pathfinder discovery networks for neural message passing}},
  year   = {2021},
  url    = {https://arxiv.org/pdf/2010.12878.pdf}
}
@misc{corso-2020,
  author = {Corso, Gabriele and Cavalleri, Luca and Beaini, Dominique and Liò, Pietro and Veličković, Petar},
  month  = {4},
  title  = {{Principal neighbourhood Aggregation for Graph Nets}},
  year   = {2020},
  url    = {https://arxiv.org/abs/2004.05718}
}
@misc{shi-2020,
  author = {Shi, Yunsheng and Huang, Zhengjie and Feng, Shikun and Zhong, Hui and Wang, Wenjin and Sun, Yu},
  month  = {9},
  title  = {{Masked Label Prediction: Unified Message Passing Model for Semi-Supervised Classification}},
  year   = {2020},
  url    = {https://arxiv.org/abs/2009.03509}
}
@misc{you-2020,
  author = {You, Jiaxuan and Ying, Rex and Leskovec, Jure},
  month  = {11},
  title  = {{Design space for graph neural networks}},
  year   = {2020},
  url    = {https://arxiv.org/abs/2011.08843}
}
@book{jin-2020,
  author    = {Jin, Ying and Wang, Ximei and Long, Mingsheng and Wang, Jianmin},
  booktitle = {Lecture Notes in Computer Science},
  month     = {1},
  pages     = {464--480},
  title     = {{Minimum class confusion for versatile domain adaptation}},
  year      = {2020},
  doi       = {10.1007/978-3-030-58589-1\{_}28},
  url       = {https://doi.org/10.1007/978-3-030-58589-1_28}
}
@article{hochreiter-1997,
  author  = {Hochreiter, Sepp and Schmidhuber, Jürgen},
  journal = {Neural Computation},
  month   = {11},
  number  = {8},
  pages   = {1735--1780},
  title   = {{Long Short-Term memory}},
  volume  = {9},
  year    = {1997},
  doi     = {10.1162/neco.1997.9.8.1735},
  url     = {https://doi.org/10.1162/neco.1997.9.8.1735}
}